%% This BibTeX bibliography file was created using BibDesk.
%% http://bibdesk.sourceforge.net/


%% Created for James Doolan at 2015-08-20 14:39:40 +0100 


%% Saved with string encoding Unicode (UTF-8) 



@article{shopify,
	Date-Added = {2015-08-20 13:39:22 +0000},
	Date-Modified = {2015-08-20 13:39:38 +0000},
	Title = {\url{http://www.shopify.com}}}

@article{twitter,
	Date-Added = {2015-08-20 13:30:32 +0000},
	Date-Modified = {2015-08-20 13:33:44 +0000},
	Title = {\url{http://www.twitter.com}}}

@article{twitter_model,
	Date-Added = {2015-08-20 13:30:32 +0000},
	Date-Modified = {2015-08-20 13:33:44 +0000},
	Title = {\url{https://business.twitter.com/help/what-are-promoted-tweets?lang=en&location=emea}}}

@article{adwords,
	Date-Added = {2015-08-20 13:30:32 +0000},
	Date-Modified = {2015-08-20 13:33:44 +0000},
	Title = {\url{https://support.google.com/adwords/answer/2497976?hl=en}}}

@article{wordstream,
	Date-Added = {2015-08-20 13:30:32 +0000},
	Date-Modified = {2015-08-20 13:33:44 +0000},
	Title = {\url{http://www.wordstream.com/articles/what-is-google-adwords}}}

@article{amazon_aws,
	Date-Added = {2015-08-20 13:30:32 +0000},
	Date-Modified = {2015-08-20 13:33:44 +0000},
	Title = {\url{https://aws.amazon.com/ec2/}}}

@article{bloggeries,
	Date-Added = {2015-08-20 13:30:32 +0000},
	Date-Modified = {2015-08-20 13:33:44 +0000},
	Title = {\url{http://www.bloggeries.com/submit.php}}}

@article{fb,
	Date-Added = {2015-08-20 13:30:02 +0000},
	Date-Modified = {2015-08-20 13:33:38 +0000},
	Title = {\url{http://www.facebook.com}}}

@book{swift2001accelerating,
	Author = {Swift, Ronald S},
	Publisher = {Prentice Hall Professional},
	Title = {Accelerating customer relationships: Using CRM and relationship technologies},
	Year = {2001}}

@book{kaplan2004strategy,
	Author = {Kaplan, Robert S and Norton, David P},
	Publisher = {Harvard Business Press},
	Title = {Strategy maps: Converting intangible assets into tangible outcomes},
	Year = {2004}}

@article{chyi2005willingness,
	Author = {Chyi, Hsiang Iris},
	Journal = {Journal of Media Economics},
	Number = {2},
	Pages = {131--142},
	Publisher = {Taylor \& Francis},
	Title = {Willingness to pay for online news: An empirical study on the viability of the subscription model},
	Volume = {18},
	Year = {2005}}

@article{chesbrough2010business,
	Author = {Chesbrough, Henry},
	Journal = {Long range planning},
	Number = {2},
	Pages = {354--363},
	Publisher = {Elsevier},
	Title = {Business model innovation: opportunities and barriers},
	Volume = {43},
	Year = {2010}}

@book{osterwalder2010business,
	Author = {Osterwalder, Alexander and Pigneur, Yves},
	Publisher = {John Wiley \& Sons},
	Title = {Business model generation: a handbook for visionaries, game changers, and challengers},
	Year = {2010}}
