@inproceedings{recommender_analysis,
  title={An Analysis of Recommender Algorithms for Online News},
  author={Doychev, Doychin and Lawlor, Aonghus and Rafter, Rachael and Smyth, Barry},
  year={2014},
  organization={CLEF}
}

@article{news360,
title = {\url{https://news360.com/}}
}

@article{user_attitudes,
  title={User attitudes towards news content personalization},
  author={Lavie, Talia and Sela, Michal and Oppenheim, Ilit and Inbar, Ohad and Meyer, Joachim},
  journal={International journal of human-computer studies},
  volume={68},
  number={8},
  pages={483--495},
  year={2010},
  publisher={Elsevier}
}

@book{nltk,
  title={Natural language processing with Python},
  author={Bird, Steven and Klein, Ewan and Loper, Edward},
  year={2009},
  publisher={" O'Reilly Media, Inc."}
}

@article{wholikeswhat,
  title={http://twitter-app.mpi-sws.org},
   author={Ghosh, Saptarshi and Sharma, Naveen and Benevenuto, Fabricio and Ganguly, Niloy and Gummadi, Krishna},
  year={2014},
}

@article{andia,
  title={\url{http://goo.gl/EaytNO}},

}

@inproceedings{cognos,
  title={Cognos: crowdsourcing search for topic experts in microblogs},
  author={Ghosh, Saptarshi and Sharma, Naveen and Benevenuto, Fabricio and Ganguly, Niloy and Gummadi, Krishna},
  booktitle={Proceedings of the 35th international ACM SIGIR conference on Research and development in information retrieval},
  pages={575--590},
  year={2012},
  organization={ACM}
}

@inproceedings{infer_user_interest,
  title={Inferring user interests in the twitter social network},
  author={Bhattacharya, Parantapa and Zafar, Muhammad Bilal and Ganguly, Niloy and Ghosh, Saptarshi and Gummadi, Krishna P},
  booktitle={Proceedings of the 8th ACM Conference on Recommender systems},
  pages={357--360},
  year={2014},
  organization={ACM}
}
